@article {MR2566316,
    AUTHOR = {Elek, G\'abor and Lippner, G\'abor},
     TITLE = {Sofic equivalence relations},
   JOURNAL = {J. Funct. Anal.},
  FJOURNAL = {Journal of Functional Analysis},
    VOLUME = {258},
      YEAR = {2010},
    NUMBER = {5},
     PAGES = {1692--1708},
      ISSN = {0022-1236},
   MRCLASS = {37A20 (22D25 28D15 37A15 37A55 46L10 46M07)},
  MRNUMBER = {2566316},
MRREVIEWER = {Vladimir Pestov},
       URL = {https://doi.org/10.1016/j.jfa.2009.10.013},
}


@article {MR0281876,
    AUTHOR = {Ramsay, Arlan},
     TITLE = {Virtual groups and group actions},
   JOURNAL = {Advances in Math.},
  FJOURNAL = {Advances in Mathematics},
    VOLUME = {6},
      YEAR = {1971},
     PAGES = {253--322 (1971)},
      ISSN = {0001-8708},
   MRCLASS = {28.70 (20.00)},
  MRNUMBER = {0281876},
MRREVIEWER = {B. Schreiber},
       URL = {https://doi.org/10.1016/0001-8708(71)90018-1},
}

@article {MR2178069,
    AUTHOR = {Elek, G\'abor and Szab\'o, Endre},
     TITLE = {Hyperlinearity, essentially free actions and
              {$L^2$}-invariants. {T}he sofic property},
   JOURNAL = {Math. Ann.},
  FJOURNAL = {Mathematische Annalen},
    VOLUME = {332},
      YEAR = {2005},
    NUMBER = {2},
     PAGES = {421--441},
      ISSN = {0025-5831},
   MRCLASS = {43A07 (46L10)},
  MRNUMBER = {2178069},
MRREVIEWER = {M\u ad\u alina Roxana Buneci},
       URL = {https://doi.org/10.1007/s00208-005-0640-8},
}

@article {MR492291,
    AUTHOR = {Saks, Victor},
     TITLE = {Ultrafilter invariants in topological spaces},
   JOURNAL = {Trans. Amer. Math. Soc.},
  FJOURNAL = {Transactions of the American Mathematical Society},
    VOLUME = {241},
      YEAR = {1978},
     PAGES = {79--97},
      ISSN = {0002-9947},
   MRCLASS = {54A20 (54A25 54D20)},
  MRNUMBER = {492291},
MRREVIEWER = {Anne K. Steiner},
       URL = {https://doi.org/10.2307/1998834},
}

@article {MR0409770,
    AUTHOR = {Zimmer, Robert J.},
     TITLE = {Extensions of ergodic group actions},
   JOURNAL = {Illinois J. Math.},
  FJOURNAL = {Illinois Journal of Mathematics},
    VOLUME = {20},
      YEAR = {1976},
    NUMBER = {3},
     PAGES = {373--409},
      ISSN = {0019-2082},
   MRCLASS = {28A65},
  MRNUMBER = {0409770},
MRREVIEWER = {Joel J. Westman},
       URL = {http://projecteuclid.org/euclid.ijm/1256049780},
}

@article {MR2191233,
    AUTHOR = {Glasner, E. and Tsirelson, B. and Weiss, B.},
     TITLE = {The automorphism group of the {G}aussian measure cannot act
              pointwise},
      NOTE = {Probability in mathematics},
   JOURNAL = {Israel J. Math.},
  FJOURNAL = {Israel Journal of Mathematics},
    VOLUME = {148},
      YEAR = {2005},
     PAGES = {305--329},
      ISSN = {0021-2172},
   MRCLASS = {37A15 (22A05 28D15 43A07)},
  MRNUMBER = {2191233},
MRREVIEWER = {Vladimir Pestov},
       URL = {https://doi.org/10.1007/BF02775441},
}

@article {MR2173431,
    AUTHOR = {Glasner, E. and Weiss, B.},
     TITLE = {Spatial and non-spatial actions of {P}olish groups},
   JOURNAL = {Ergodic Theory Dynam. Systems},
  FJOURNAL = {Ergodic Theory and Dynamical Systems},
    VOLUME = {25},
      YEAR = {2005},
    NUMBER = {5},
     PAGES = {1521--1538},
      ISSN = {0143-3857},
   MRCLASS = {37A15 (22A05 28D15)},
  MRNUMBER = {2173431},
MRREVIEWER = {Krzysztof Ciesielski},
       URL = {https://doi.org/10.1017/S0143385705000052},
}

@article {MR2806696,
    AUTHOR = {T\"ornquist, Asger},
     TITLE = {On the pointwise implementation of near-actions},
   JOURNAL = {Trans. Amer. Math. Soc.},
  FJOURNAL = {Transactions of the American Mathematical Society},
    VOLUME = {363},
      YEAR = {2011},
    NUMBER = {9},
     PAGES = {4929--4944},
      ISSN = {0002-9947},
   MRCLASS = {03E15 (03E35 28D05 37A05)},
  MRNUMBER = {2806696},
MRREVIEWER = {Julien Melleray},
       URL = {https://doi.org/10.1090/S0002-9947-2011-05296-7},
}

@article {MR2460675,
    AUTHOR = {Pestov, Vladimir G.},
     TITLE = {Hyperlinear and sofic groups: a brief guide},
   JOURNAL = {Bull. Symbolic Logic},
  FJOURNAL = {The Bulletin of Symbolic Logic},
    VOLUME = {14},
      YEAR = {2008},
    NUMBER = {4},
     PAGES = {449--480},
      ISSN = {1079-8986},
   MRCLASS = {20F69 (03C20 37B10 46L05 46L10)},
  MRNUMBER = {2460675},
MRREVIEWER = {Alain Valette},
       URL = {https://doi.org/10.2178/bsl/1231081461},
}

@book {MR2124948,
    AUTHOR = {Carothers, N. L.},
     TITLE = {A short course on {B}anach space theory},
    SERIES = {London Mathematical Society Student Texts},
    VOLUME = {64},
 PUBLISHER = {Cambridge University Press, Cambridge},
      YEAR = {2005},
     PAGES = {xii+184},
      ISBN = {0-521-84283-2; 0-521-60372-2},
   MRCLASS = {46-01 (46B25 46Bxx)},
  MRNUMBER = {2124948},
MRREVIEWER = {Anatolij M. Plichko},
}

@book {MR1619545,
    AUTHOR = {Srivastava, S. M.},
     TITLE = {A course on {B}orel sets},
    SERIES = {Graduate Texts in Mathematics},
    VOLUME = {180},
 PUBLISHER = {Springer-Verlag, New York},
      YEAR = {1998},
     PAGES = {xvi+261},
      ISBN = {0-387-98412-7},
   MRCLASS = {04A15 (28A05 54-01 54H05)},
  MRNUMBER = {1619545},
MRREVIEWER = {Marek Balcerzak},
       URL = {https://doi.org/10.1007/978-3-642-85473-6},

@book {MR0264581,
    AUTHOR = {Willard, Stephen},
     TITLE = {General topology},
 PUBLISHER = {Addison-Wesley Publishing Co., Reading, Mass.-London-Don
              Mills, Ont.},
      YEAR = {1970},
     PAGES = {xii+369},
   MRCLASS = {54.00},
  MRNUMBER = {0264581},
MRREVIEWER = {C. W. Kohls},
}

@book {MR1363490,
    AUTHOR = {Simon, Barry},
     TITLE = {Representations of finite and compact groups},
    SERIES = {Graduate Studies in Mathematics},
    VOLUME = {10},
 PUBLISHER = {American Mathematical Society, Providence},
      YEAR = {1996},
     PAGES = {xii+266},
      ISBN = {0-8218-0453-7},
   MRCLASS = {22-01 (20C05 20C15 22E15)},
  MRNUMBER = {1363490},
MRREVIEWER = {Antoni Wawrzy\'nczyk},
}

@misc{delaharperepresentationslecturenotes,
title={Repr√©sentations des groups finis},
author={de la Harpe, Pierre},
year={2005},
howpublished={http://www.u\-ni\-ge.ch-math/folks/de\-la\-har\-pe/vul\-ga\-ri\-sa\-ti\-on/3\-Re\-pres\-16\-mar\-06.pdf},
note={Lecture notes}
}

@article{pk12,
title={An Introduction to Hyperlinear and Sofic Groups},
author={Pestov, Vladimir G. and Kwiatkowska, Aleksandra},
year={2012},
journal={London Mathematical Society Lecture Notes Series},
volume={406},
pages={145--186}
}

@article{arxiv0405352v1,
title={{$G$}-Continuous Functions and Whirly Actions},
author={Glasner, Eli and Weiss, Benjamin L.},
journal={\href{https://arxiv.org/abs/math/0405352v1}{arXiv:0405352v1 [math.DS]}},
year={2004},
}

@article {MR3314104,
    AUTHOR = {Elek, G{\'a}bor},
     TITLE = {Full groups and soficity},
   JOURNAL = {Proc. Amer. Math. Soc.},
  FJOURNAL = {Proceedings of the American Mathematical Society},
    VOLUME = {143},
      YEAR = {2015},
    NUMBER = {5},
     PAGES = {1943--1950},
      ISSN = {0002-9939},
   MRCLASS = {20F65 (37A20)},
  MRNUMBER = {3314104},
       DOI = {10.1090/S0002-9939-2014-12403-8},
       URL = {http://dx.doi.org/10.1090/S0002-9939-2014-12403-8},
}

@book {MR0450380,
    AUTHOR = {Serre, Jean-Pierre},
     TITLE = {Linear representations of finite groups},
      NOTE = {Translated from the second French edition by Leonard L. Scott,
              Graduate Texts in Mathematics, Vol. 42},
 PUBLISHER = {Springer-Verlag, New York-Heidelberg},
      YEAR = {1977},
     PAGES = {x+170},
      ISBN = {0-387-90190-6},
   MRCLASS = {20CXX},
  MRNUMBER = {0450380},
MRREVIEWER = {W. Feit},
}

@book {MR2867444,
    AUTHOR = {Steinberg, Benjamin},
     TITLE = {Representation theory of finite groups},
    SERIES = {Universitext},
      NOTE = {An introductory approach},
 PUBLISHER = {Springer, New York},
      YEAR = {2012},
     PAGES = {xiv+157},
      ISBN = {978-1-4614-0775-1},
   MRCLASS = {20C15 (20-01)},
  MRNUMBER = {2867444},
MRREVIEWER = {Jamshid Moori},
       URL = {https://doi.org/10.1007/978-1-4614-0776-8},
}

@article {MR2186833,
    AUTHOR = {Dijkstra, Jan J.},
     TITLE = {On homeomorphism groups and the compact-open topology},
   JOURNAL = {Amer. Math. Monthly},
  FJOURNAL = {American Mathematical Monthly},
    VOLUME = {112},
      YEAR = {2005},
    NUMBER = {10},
     PAGES = {910--912},
      ISSN = {0002-9890},
   MRCLASS = {54H11 (22A05)},
  MRNUMBER = {2186833},
MRREVIEWER = {F. Javier Trigos-Arrieta},
       URL = {https://doi.org/10.2307/30037630},
}

@article {MR585198,
    AUTHOR = {Nummela, Eric C.},
     TITLE = {The completion of a topological group},
   JOURNAL = {Bull. Austral. Math. Soc.},
  FJOURNAL = {Bulletin of the Australian Mathematical Society},
    VOLUME = {21},
      YEAR = {1980},
    NUMBER = {3},
     PAGES = {407--417},
      ISSN = {0004-9727},
   MRCLASS = {22-02 (01A60 22-03 22A05 54E99)},
  MRNUMBER = {585198},
MRREVIEWER = {K. H. Hofmann},
       URL = {https://doi.org/10.1017/S0004972700006250},
}

@book {MR3617167,
    AUTHOR = {Bourbaki, N.},
     TITLE = {\'El\'ements de {M}ath\'ematique. {T}opologie alg\'ebrique.
              {C}hapitres 1 \`a 4},
 PUBLISHER = {Springer, Heidelberg},
      YEAR = {2016},
     PAGES = {xv+498},
      ISBN = {978-3-662-49360-1; 978-3-662-49361-8},
   MRCLASS = {55-01},
  MRNUMBER = {3617167},
}

@article {MR1363826,
    AUTHOR = {Giordano, Thierry and Putnam, Ian F. and Skau, Christian F.},
     TITLE = {Topological orbit equivalence and {$C^*$}-crossed products},
   JOURNAL = {J. Reine Angew. Math.},
  FJOURNAL = {Journal f\"ur die Reine und Angewandte Mathematik. [Crelle's
              Journal]},
    VOLUME = {469},
      YEAR = {1995},
     PAGES = {51--111},
      ISSN = {0075-4102},
   MRCLASS = {46L55 (54H20)},
  MRNUMBER = {1363826},
MRREVIEWER = {John Quigg},
}

@article {MR2826401,
    AUTHOR = {P\u{a}unescu, Liviu},
     TITLE = {On sofic actions and equivalence relations},
   JOURNAL = {J. Funct. Anal.},
  FJOURNAL = {Journal of Functional Analysis},
    VOLUME = {261},
      YEAR = {2011},
    NUMBER = {9},
     PAGES = {2461--2485},
      ISSN = {0022-1236},
   MRCLASS = {46L10 (20F65 37A20 37A55)},
  MRNUMBER = {2826401},
MRREVIEWER = {Jon P. Bannon},
       URL = {https://doi.org/10.1016/j.jfa.2011.06.013},
}

@book {MR0414833,
    AUTHOR = {Nachbin, Leopoldo},
     TITLE = {The {H}aar integral},
      NOTE = {Translated from the Portuguese by Lulu Bechtolsheim,
              Reprint of the 1965 edition},
 PUBLISHER = {Robert E. Krieger Publishing Co., Huntington, N.Y.},
      YEAR = {1976},
     PAGES = {xii+156},
   MRCLASS = {28A70 (43-02)},
  MRNUMBER = {0414833},
}

@book {MR3289059,
    AUTHOR = {Deitmar, Anton and Echterhoff, Siegfried},
     TITLE = {Principles of harmonic analysis},
    SERIES = {Universitext},
   EDITION = {Second},
 PUBLISHER = {Springer, Cham},
      YEAR = {2014},
     PAGES = {xiv+332},
      ISBN = {978-3-319-05791-0; 978-3-319-05792-7},
   MRCLASS = {43-01 (22E30 46J10 46L05)},
  MRNUMBER = {3289059},
       URL = {https://doi.org/10.1007/978-3-319-05792-7},
}

@article {MR3286052,
    AUTHOR = {Bowen, Lewis},
     TITLE = {Entropy theory for sofic groupoids {I}: {T}he foundations},
   JOURNAL = {J. Anal. Math.},
  FJOURNAL = {Journal d'Analyse Math\'ematique},
    VOLUME = {124},
      YEAR = {2014},
     PAGES = {149--233},
      ISSN = {0021-7670},
   MRCLASS = {37A30},
  MRNUMBER = {3286052},
MRREVIEWER = {Song Shao},
       DOI = {10.1007/s11854-014-0030-9},
       URL = {http://dx.doi.org/10.1007/s11854-014-0030-9},
}

@article {MR3274833,
    AUTHOR = {Ceccherini-Silberstein, Tullio and Coornaert, Michel},
     TITLE = {On sofic monoids},
   JOURNAL = {Semigroup Forum},
  FJOURNAL = {Semigroup Forum},
    VOLUME = {89},
      YEAR = {2014},
    NUMBER = {3},
     PAGES = {546--570},
      ISSN = {0037-1912},
   MRCLASS = {20Mxx},
  MRNUMBER = {3274833},
       DOI = {10.1007/s00233-014-9596-x},
       URL = {http://dx.doi.org/10.1007/s00233-014-9596-x},
}

@article {MR0578656,
    AUTHOR = {Feldman, Jacob and Moore, Calvin C.},
     TITLE = {Ergodic equivalence relations, cohomology, and von {N}eumann
              algebras. {I}},
   JOURNAL = {Trans. Amer. Math. Soc.},
  FJOURNAL = {Transactions of the American Mathematical Society},
    VOLUME = {234},
      YEAR = {1977},
    NUMBER = {2},
     PAGES = {289--324},
      ISSN = {0002-9947},
   MRCLASS = {22D40 (28A65 46L10)},
  MRNUMBER = {0578656 (58 \#28261a)},
}

@article {MR0578730,
    AUTHOR = {Feldman, Jacob and Moore, Calvin C.},
     TITLE = {Ergodic equivalence relations, cohomology, and von {N}eumann
              algebras. {II}},
   JOURNAL = {Trans. Amer. Math. Soc.},
  FJOURNAL = {Transactions of the American Mathematical Society},
    VOLUME = {234},
      YEAR = {1977},
    NUMBER = {2},
     PAGES = {325--359},
      ISSN = {0002-9947},
   MRCLASS = {22D40 (28A65 46L10)},
  MRNUMBER = {0578730 (58 \#28261b)},
}

@article {MR496796,
    AUTHOR = {Hahn, Peter},
     TITLE = {Haar measure for measure groupoids},
   JOURNAL = {Trans. Amer. Math. Soc.},
  FJOURNAL = {Transactions of the American Mathematical Society},
    VOLUME = {242},
      YEAR = {1978},
     PAGES = {1--33},
      ISSN = {0002-9947},
     CODEN = {TAMTAM},
   MRCLASS = {28C10 (22D40)},
  MRNUMBER = {496796 (82a:28012)},
MRREVIEWER = {L. Corwin},
       DOI = {10.2307/1997726},
       URL = {http://dx.doi.org/10.2307/1997726},
}

@article {MR3035288,
    AUTHOR = {Conley, Clinton T. and Kechris, Alexander S. and Tucker-Drob,
              Robin D.},
     TITLE = {Ultraproducts of measure preserving actions and graph
              combinatorics},
   JOURNAL = {Ergodic Theory Dynam. Systems},
  FJOURNAL = {Ergodic Theory and Dynamical Systems},
    VOLUME = {33},
      YEAR = {2013},
    NUMBER = {2},
     PAGES = {334--374},
      ISSN = {0143-3857},
   MRCLASS = {37A05 (03E05 05C25)},
  MRNUMBER = {3035288},
MRREVIEWER = {Vladimir Pestov},
       DOI = {10.1017/S0143385711001143},
       URL = {http://dx.doi.org/10.1017/S0143385711001143},
}

@incollection {MR3142029,
    AUTHOR = {Anantharaman-Delaroche, Claire},
     TITLE = {The {H}aagerup property for discrete measured groupoids},
 BOOKTITLE = {Operator algebra and dynamics},
    SERIES = {Springer Proc. Math. Stat.},
    VOLUME = {58},
     PAGES = {1--30},
 PUBLISHER = {Springer, Heidelberg},
      YEAR = {2013},
   MRCLASS = {22A22 (46L55)},
  MRNUMBER = {3142029},
MRREVIEWER = {Alain Valette},
       DOI = {10.1007/978-3-642-39459-1_1},
       URL = {http://dx.doi.org/10.1007/978-3-642-39459-1_1},
}

@book {MR2583950,
    AUTHOR = {Kechris, Alexander S.},
     TITLE = {Global aspects of ergodic group actions},
    SERIES = {Mathematical Surveys and Monographs},
    VOLUME = {160},
 PUBLISHER = {American Mathematical Society, Providence},
      YEAR = {2010},
     PAGES = {xii+237},
      ISBN = {978-0-8218-4894-4},
   MRCLASS = {37A05 (22F10 28D15 37A15 37A20 37B05)},
  MRNUMBER = {2583950 (2011b:37003)},
MRREVIEWER = {Konstantin Medynets},
       DOI = {10.1090/surv/160},
       URL = {http://dx.doi.org/10.1090/surv/160},
}

@article {MR2311665,
    AUTHOR = {Giordano, Thierry and Pestov, Vladimir},
     TITLE = {Some extremely amenable groups related to operator algebras
              and ergodic theory},
   JOURNAL = {J. Inst. Math. Jussieu},
  FJOURNAL = {Journal of the Institute of Mathematics of Jussieu. JIMJ.
              Journal de l'Institut de Math\'ematiques de Jussieu},
    VOLUME = {6},
      YEAR = {2007},
    NUMBER = {2},
     PAGES = {279--315},
      ISSN = {1474-7480},
   MRCLASS = {22D25 (22F50 37A15 43A07 46L99)},
  MRNUMBER = {2311665 (2008e:22007)},
MRREVIEWER = {Matthew D. Daws},
       DOI = {10.1017/S1474748006000090},
       URL = {http://dx.doi.org/10.1017/S1474748006000090},
}

@article {MR662736,
    AUTHOR = {Connes, Alain and Feldman, Jacob and Weiss, Benjamin},
     TITLE = {An amenable equivalence relation is generated by a single
              transformation},
   JOURNAL = {Ergodic Theory Dynamical Systems},
  FJOURNAL = {Ergodic Theory and Dynamical Systems},
    VOLUME = {1},
      YEAR = {1981},
    NUMBER = {4},
     PAGES = {431--450 (1982)},
      ISSN = {0143-3857},
   MRCLASS = {46L55 (22D40)},
  MRNUMBER = {662736 (84h:46090)},
}

@book {MR1321597,
    AUTHOR = {Kechris, Alexander S.},
     TITLE = {Classical descriptive set theory},
    SERIES = {Graduate Texts in Mathematics},
    VOLUME = {156},
 PUBLISHER = {Springer-Verlag, New York},
      YEAR = {1995},
     PAGES = {xviii+402},
      ISBN = {0-387-94374-9},
   MRCLASS = {03E15 (03-01 03-02 04A15 28A05 54H05 90D44)},
  MRNUMBER = {1321597},
MRREVIEWER = {Jakub Jasi\'nski},
       URL = {https://doi.org/10.1007/978-1-4612-4190-4},
}

@book {MR1643950,
    AUTHOR = {Goldblatt, Robert},
     TITLE = {Lectures on the hyperreals},
    SERIES = {Graduate Texts in Mathematics},
    VOLUME = {188},
      NOTE = {An introduction to nonstandard analysis},
 PUBLISHER = {Springer-Verlag, New York},
      YEAR = {1998},
     PAGES = {xiv+289},
      ISBN = {0-387-98464-X},
   MRCLASS = {03H05 (26E35 28E05)},
  MRNUMBER = {1643950},
MRREVIEWER = {Perry Smith},
       URL = {https://doi.org/10.1007/978-1-4612-0615-6},
}

@article {MR0158048,
    AUTHOR = {Dye, Henry Abel},
     TITLE = {On groups of measure preserving transformations. {II}},
   JOURNAL = {Amer. J. Math.},
  FJOURNAL = {American Journal of Mathematics},
    VOLUME = {85},
      YEAR = {1963},
     PAGES = {551--576},
      ISSN = {0002-9327},
   MRCLASS = {28.70},
  MRNUMBER = {0158048 (28 \#1275)},
MRREVIEWER = {M. Mahowald},
}

@article {MR0131516,
    AUTHOR = {Dye, Henry Abel},
     TITLE = {On groups of measure preserving transformations. {I}},
   JOURNAL = {Amer. J. Math.},
  FJOURNAL = {American Journal of Mathematics},
    VOLUME = {81},
      YEAR = {1959},
     PAGES = {119--159},
      ISSN = {0002-9327},
   MRCLASS = {28.70},
  MRNUMBER = {0131516 (24 \#A1366)},
MRREVIEWER = {M. Mahowald},
}

@article {MR1007409,
    AUTHOR = {Feldman, Jacob and Sutherland, Colin E. and Zimmer, Robert J.},
     TITLE = {Subrelations of ergodic equivalence relations},
   JOURNAL = {Ergodic Theory Dynam. Systems},
  FJOURNAL = {Ergodic Theory and Dynamical Systems},
    VOLUME = {9},
      YEAR = {1989},
    NUMBER = {2},
     PAGES = {239--269},
      ISSN = {0143-3857},
   MRCLASS = {28D15 (22D40)},
  MRNUMBER = {1007409 (91c:28020)},
MRREVIEWER = {Arlan Ramsay},
       DOI = {10.1017/S0143385700004958},
       URL = {http://dx.doi.org/10.1017/S0143385700004958},
}

@incollection {MR2436146,
    AUTHOR = {Ben Yaacov, Ita{\"{\i}} and Berenstein, Alexander and Henson,
              C. Ward and Usvyatsov, Alexander},
     TITLE = {Model theory for metric structures},
 BOOKTITLE = {Model theory with applications to algebra and analysis. {V}ol.
              2},
    SERIES = {London Math. Soc. Lecture Note Ser.},
    VOLUME = {350},
     PAGES = {315--427},
 PUBLISHER = {Cambridge Univ. Press, Cambridge},
      YEAR = {2008},
   MRCLASS = {03C65 (28A99 46B99 54E35)},
  MRNUMBER = {2436146 (2009j:03061)},
MRREVIEWER = {Jos{\'e} Iovino},
       DOI = {10.1017/CBO9780511735219.011},
       URL = {http://dx.doi.org/10.1017/CBO9780511735219.011},
}

@article {MR2823074,
    AUTHOR = {Elek, G{\'a}bor and Szab{\'o}, Endre},
     TITLE = {Sofic representations of amenable groups},
   JOURNAL = {Proc. Amer. Math. Soc.},
  FJOURNAL = {Proceedings of the American Mathematical Society},
    VOLUME = {139},
      YEAR = {2011},
    NUMBER = {12},
     PAGES = {4285--4291},
      ISSN = {0002-9939},
     CODEN = {PAMYAR},
   MRCLASS = {20F65 (20E06)},
  MRNUMBER = {2823074},
MRREVIEWER = {Goulnara N. Arzhantseva},
       DOI = {10.1090/S0002-9939-2011-11222-X},
       URL = {http://dx.doi.org/10.1090/S0002-9939-2011-11222-X},
}

@misc {ozawasoficnotes,
  AUTHOR = {Ozawa, Narutaka},
  TITLE = {Hyperlinearity, sofic groups and applications to group theory.},
  HOWPUBLISHED = {Unpublished notes, http://www.kurims.kyoto-u.ac.jp/$\sim$narutaka/notes/NoteSofic.pdf},
  YEAR = {2009}
  note = {Accessed: 2016-05-18}
}

@article {MR1694588,
    AUTHOR = {Gromov, Mikhael},
     TITLE = {Endomorphisms of symbolic algebraic varieties},
   JOURNAL = {J. Eur. Math. Soc. (JEMS)},
  FJOURNAL = {Journal of the European Mathematical Society (JEMS)},
    VOLUME = {1},
      YEAR = {1999},
    NUMBER = {2},
     PAGES = {109--197},
      ISSN = {1435-9855},
   MRCLASS = {14A10 (03C60 05C25)},
  MRNUMBER = {1694588},
MRREVIEWER = {Liam O'Carroll},
       DOI = {10.1007/PL00011162},
       URL = {http://dx.doi.org/10.1007/PL00011162},
}

@book {MR3408561,
    AUTHOR = {Capraro, Valerio and Lupini, Martino},
     TITLE = {Introduction to {S}ofic and hyperlinear groups and {C}onnes'
              embedding conjecture},
    SERIES = {Lecture Notes in Mathematics},
    VOLUME = {2136},
      NOTE = {With an appendix by Vladimir Pestov},
 PUBLISHER = {Springer, Cham},
      YEAR = {2015},
     PAGES = {viii+151},
      ISBN = {978-3-319-19332-8; 978-3-319-19333-5},
   MRCLASS = {20F65 (03C20 03C65 46-02 46L10)},
  MRNUMBER = {3408561},
       DOI = {10.1007/978-3-319-19333-5},
       URL = {http://dx.doi.org/10.1007/978-3-319-19333-5},
}

@article{arxiv1302.3032v1,
title={Distributive inverse semigroups and non-commutative {S}tone dualities},
author={Lawson, Mark V. and Lenz, Daniel H.},
journal={\href{https://arxiv.org/abs/1302.3032v1}{arXiv:1302.3032v1 [math.CT]}},
year={2013},
}

@article {MR3077869,
    AUTHOR = {Lawson, Mark V. and Lenz, Daniel H.},
     TITLE = {Pseudogroups and their \'etale groupoids},
   JOURNAL = {Adv. Math.},
  FJOURNAL = {Advances in Mathematics},
    VOLUME = {244},
      YEAR = {2013},
     PAGES = {117--170},
      ISSN = {0001-8708},
   MRCLASS = {20M18 (06E15 18B40 22A22 46L05)},
  MRNUMBER = {3077869},
MRREVIEWER = {Grigori I. {\v{Z}}itomirski{\u\i}},
       DOI = {10.1016/j.aim.2013.04.022},
       URL = {http://dx.doi.org/10.1016/j.aim.2013.04.022},
}

@article {MR3162258,
    AUTHOR = {Li, Lei and Wong, Ngai-Ching},
     TITLE = {Kaplansky {T}heorem for completely regular spaces},
   JOURNAL = {Proc. Amer. Math. Soc.},
  FJOURNAL = {Proceedings of the American Mathematical Society},
    VOLUME = {142},
      YEAR = {2014},
    NUMBER = {4},
     PAGES = {1381--1389},
      ISSN = {0002-9939},
   MRCLASS = {54D60 (46B42 46E40 47B65)},
  MRNUMBER = {3162258},
MRREVIEWER = {Jozef Dobo{\v{s}}},
       DOI = {10.1090/S0002-9939-2014-11889-2},
       URL = {http://dx.doi.org/10.1090/S0002-9939-2014-11889-2},
}

@article {MR0020715,
    AUTHOR = {Kaplansky, Irving},
     TITLE = {Lattices of continuous functions},
   JOURNAL = {Bull. Amer. Math. Soc.},
  FJOURNAL = {Bulletin of the American Mathematical Society},
    VOLUME = {53},
      YEAR = {1947},
     PAGES = {617--623},
      ISSN = {0002-9904},
   MRCLASS = {46.3X},
  MRNUMBER = {0020715},
MRREVIEWER = {J. Dieudonn{\'e}},
}

@article {MR1060366,
    AUTHOR = {Jarosz, Krzysztof},
     TITLE = {Automatic continuity of separating linear isomorphisms},
   JOURNAL = {Canad. Math. Bull.},
  FJOURNAL = {Canadian Mathematical Bulletin. Bulletin Canadien de
              Math\'ematiques},
    VOLUME = {33},
      YEAR = {1990},
    NUMBER = {2},
     PAGES = {139--144},
      ISSN = {0008-4395},
     CODEN = {CMBUA3},
   MRCLASS = {46E25 (46E05 46J10 47B38 47B60)},
  MRNUMBER = {1060366},
MRREVIEWER = {B. de Pagter},
       DOI = {10.4153/CMB-1990-024-2},
       URL = {http://dx.doi.org/10.4153/CMB-1990-024-2},
}

@article {MR0029476,
    AUTHOR = {Milgram, Arthur N.},
     TITLE = {Multiplicative semigroups of continuous functions},
   JOURNAL = {Duke Math. J.},
  FJOURNAL = {Duke Mathematical Journal},
    VOLUME = {16},
      YEAR = {1940},
     PAGES = {377--383},
      ISSN = {0012-7094},
   MRCLASS = {46.3X},
  MRNUMBER = {0029476},
MRREVIEWER = {I. Kaplansky},
}

@article{arxiv1610.07842v1,
title={Recovering a compact {H}ausdorff space $X$ from the compatibility ordering on $C(X)$},
author={Kania, Tomasz and Rmoutil, Martin},
journal={\href{https://arxiv.org/abs/1610.07842v1}{arXiv:1610.0784v1 [math.FA]}},
year={2016},
}

@article {wallmannote,
    AUTHOR = {Wallman, Henry},
     TITLE = {Lattices and bicompact spaces},
   JOURNAL = {Proc. Natl. Acad. Sci. USA},
  FJOURNAL = {Proceedings of the National Academy of Sciences of the United States of America},
    VOLUME = {23},
  NUMBER = {3},
      YEAR = {1937},
     PAGES = {164--165},
      ISSN = {N 1091-6490},
%   MRCLASS = {},
%  MRNUMBER = {},
%MRREVIEWER = {I. Kaplansky},
}

@article {MR0009426,
    AUTHOR = {Gelfand, Izrail' Moiseevich and Neumark, Mark Aronovich},
     TITLE = {On the imbedding of normed rings into the ring of operators in
              {H}ilbert space},
   JOURNAL = {Rec. Math. [Mat. Sbornik] N.S.},
    VOLUME = {12(54)},
      YEAR = {1943},
     PAGES = {197--213},
   MRCLASS = {46.3X},
  MRNUMBER = {0009426},
MRREVIEWER = {E. Hille},
}

@Inbook{Gelfand1993,
author="Gelfand, Izrail' Moiseevich and Kolmogoroff, Andrey Nikolaevich",
editor="Kat{\v{e}}tov, Miroslav
and Simon, Petr",
title="On Rings of Continuous Functions on Topological Spaces",
bookTitle="The Mathematical Legacy of Eduard {\v{C}}ech",
year="1993",
publisher="Birkh{\"a}user Basel",
address="Basel",
pages="62--66",
isbn="978-3-0348-7524-0",
doi="10.1007/978-3-0348-7524-0_5",
url="http://dx.doi.org/10.1007/978-3-0348-7524-0_5"
}

@article {gelfandkolmogorov1939,
AUTHOR = {Gelfand, Izrail' Moiseevich and Kolmogoroff, Andrey Nikolaevich},
TITLE = {On Rings of Continuous Functions on Topological Spaces},
JOURNAL = {Dokl. Akad. Nauk SSSR},
VOLUME = {22},
YEAR = {1939},
PAGES = {11-15},
ISSN = {0869-5652}
}

@book {MR1357166,
    AUTHOR = {Banach, Stefan},
     TITLE = {Th√©orie des op√©rations lin√©aires},
      NOTE = {Reprint of the 1932 original},
 PUBLISHER = {√âditions Jacques Gabay, Sceaux},
      YEAR = {1993},
     PAGES = {iv+128},
      ISBN = {2-87647-148-5},
   MRCLASS = {01A75 (46-03 47-03)},
  MRNUMBER = {1357166},
}

@article {MR0394228,
    AUTHOR = {Connes, Alain},
     TITLE = {Outer conjugacy classes of automorphisms of factors},
   JOURNAL = {Ann. Sci. \'Ecole Norm. Sup. (4)},
  FJOURNAL = {Annales Scientifiques de l'\'Ecole Normale Sup\'erieure. Quatri\`eme
              S\'erie},
    VOLUME = {8},
      YEAR = {1975},
    NUMBER = {3},
     PAGES = {383--419},
      ISSN = {0012-9593},
   MRCLASS = {46L10},
  MRNUMBER = {0394228},
MRREVIEWER = {Hisashi Choda},
       URL = {http://www.numdam.org/item?id=ASENS_1975_4_8_3_383_0},
}

@article {MR1047140,
    AUTHOR = {Bekka, Mohammed E. B.},
     TITLE = {Amenable unitary representations of locally compact groups},
   JOURNAL = {Invent. Math.},
  FJOURNAL = {Inventiones Mathematicae},
    VOLUME = {100},
      YEAR = {1990},
    NUMBER = {2},
     PAGES = {383--401},
      ISSN = {0020-9910},
   MRCLASS = {22D10 (43A07 46L99)},
  MRNUMBER = {1047140},
MRREVIEWER = {T. Sund},
       DOI = {10.1007/BF01231192},
       URL = {http://dx.doi.org/10.1007/BF01231192},
}

@book {MR0251549,
    AUTHOR = {Greenleaf, Frederick P.},
     TITLE = {Invariant means on topological groups and their applications},
    SERIES = {Van Nostrand Mathematical Studies, No. 16},
 PUBLISHER = {Van Nostrand Reinhold Co., New York-Toronto, Ont.-London},
      YEAR = {1969},
     PAGES = {ix+113},
   MRCLASS = {46.80 (22.00)},
  MRNUMBER = {0251549},
MRREVIEWER = {R. B. Burckel},
}

@book {MR0394084,
    AUTHOR = {Kelley, John L. and Namioka, Isaac},
     TITLE = {Linear topological spaces},
      NOTE = {With the collaboration of W. F. Donoghue, Jr., Kenneth R.
              Lucas, B. J. Pettis, Ebbe Thue Poulsen, G. Baley Price, Wendy
              Robertson, W. R. Scott, and Kennan T. Smith,
              Second corrected printing,
              Graduate Texts in Mathematics, No. 36},
 PUBLISHER = {Springer-Verlag, New York-Heidelberg},
      YEAR = {1976},
     PAGES = {xv+256},
   MRCLASS = {46AXX},
  MRNUMBER = {0394084},
}

@article {MR0454659,
    AUTHOR = {Connes, Alain},
     TITLE = {Classification of injective factors. {C}ases {$II\sb{1},$}
              {$II\sb{\infty },$} {$III\sb{\lambda },$} {$\lambda \not=1$}},
   JOURNAL = {Ann. of Math. (2)},
  FJOURNAL = {Annals of Mathematics. Second Series},
    VOLUME = {104},
      YEAR = {1976},
    NUMBER = {1},
     PAGES = {73--115},
      ISSN = {0003-486X},
   MRCLASS = {46L10},
  MRNUMBER = {0454659},
MRREVIEWER = {Francois Combes},
       DOI = {10.2307/1971057},
       URL = {http://dx.doi.org/10.2307/1971057},
}

@book {MR584266,
    AUTHOR = {Renault, Jean},
     TITLE = {A groupoid approach to {$C\sp{\ast} $}-algebras},
    SERIES = {Lecture Notes in Mathematics},
    VOLUME = {793},
 PUBLISHER = {Springer, Berlin},
      YEAR = {1980},
     PAGES = {ii+160},
      ISBN = {3-540-09977-8},
   MRCLASS = {46Lxx (22D25 22D40)},
  MRNUMBER = {584266},
MRREVIEWER = {A. K. Seda},
}

@article{arxiv1609.09708v2,
title={Locally compact {S}tone duality},
author={Bice, Tristan and Starling, Charles},
journal={\href{https://arxiv.org/abs/1609.09708v2}{arXiv:1609.09708v2 [math.GN]}},
year={2016},
}

@article {MR2089244,
    AUTHOR = {Elek, G\'abor and Szab\'o, Endre},
     TITLE = {Sofic groups and direct finiteness},
   JOURNAL = {J. Algebra},
  FJOURNAL = {Journal of Algebra},
    VOLUME = {280},
      YEAR = {2004},
    NUMBER = {2},
     PAGES = {426--434},
      ISSN = {0021-8693},
   MRCLASS = {16S34 (16E50 20C07)},
  MRNUMBER = {2089244},
MRREVIEWER = {Pere Ara},
       DOI = {10.1016/j.jalgebra.2004.06.023},
       URL = {http://dx.doi.org/10.1016/j.jalgebra.2004.06.023},
}

@article {MR2324919,
    AUTHOR = {Hern\'andez, Salvador and R\'odenas, Ana Mar\'\i a},
     TITLE = {Automatic continuity and representation of group homomorphisms
              defined between groups of continuous functions},
   JOURNAL = {Topology Appl.},
  FJOURNAL = {Topology and its Applications},
    VOLUME = {154},
      YEAR = {2007},
    NUMBER = {10},
     PAGES = {2089--2098},
      ISSN = {0166-8641},
   MRCLASS = {54C35},
  MRNUMBER = {2324919},
MRREVIEWER = {Jesus Araujo},
       DOI = {10.1016/j.topol.2006.06.008},
       URL = {http://dx.doi.org/10.1016/j.topol.2006.06.008},
}

@article {MR2913684,
    AUTHOR = {Al-Rawashdeh, Ahmed and Booth, Andrew and Giordano, Thierry},
     TITLE = {Unitary groups as a complete invariant},
   JOURNAL = {J. Funct. Anal.},
  FJOURNAL = {Journal of Functional Analysis},
    VOLUME = {262},
      YEAR = {2012},
    NUMBER = {11},
     PAGES = {4711--4730},
      ISSN = {0022-1236},
   MRCLASS = {46L35},
  MRNUMBER = {2913684},
       URL = {https://doi.org/10.1016/j.jfa.2012.03.016},
}

@article {MR1348489,
    AUTHOR = {Pestov, Vladimir G.},
     TITLE = {Free abelian topological groups and the {P}ontryagin-van
              {K}ampen duality},
   JOURNAL = {Bull. Austral. Math. Soc.},
  FJOURNAL = {Bulletin of the Australian Mathematical Society},
    VOLUME = {52},
      YEAR = {1995},
    NUMBER = {2},
     PAGES = {297--311},
      ISSN = {0004-9727},
   MRCLASS = {22A05 (22B05)},
  MRNUMBER = {1348489},
MRREVIEWER = {Dieter Remus},
       URL = {https://doi.org/10.1017/S0004972700014726},
}

@article {MR0049910,
    AUTHOR = {Wendel, James G.},
     TITLE = {On isometric isomorphism of group algebras},
   JOURNAL = {Pacific J. Math.},
  FJOURNAL = {Pacific Journal of Mathematics},
    VOLUME = {1},
      YEAR = {1951},
     PAGES = {305--311},
      ISSN = {0030-8730},
   MRCLASS = {20.0X},
  MRNUMBER = {0049910},
MRREVIEWER = {M. Henriksen},
       URL = {http://projecteuclid.org/euclid.pjm/1103052199},
}

@article {MR1501905,
    AUTHOR = {Stone, Marshall Harvey},
     TITLE = {Applications of the theory of {B}oolean rings to general
              topology},
   JOURNAL = {Trans. Amer. Math. Soc.},
  FJOURNAL = {Transactions of the American Mathematical Society},
    VOLUME = {41},
      YEAR = {1937},
    NUMBER = {3},
     PAGES = {375--481},
      ISSN = {0002-9947},
   MRCLASS = {54D10 (06E20 54D45)},
  MRNUMBER = {1501905},
       URL = {https://doi.org/10.2307/1989788},
}

@article {MR0066568,
    AUTHOR = {Dye, Henry Abel},
     TITLE = {On the geometry of projections in certain operator algebras},
   JOURNAL = {Ann. of Math. (2)},
  FJOURNAL = {Annals of Mathematics. Second Series},
    VOLUME = {61},
      YEAR = {1955},
     PAGES = {73--89},
      ISSN = {0003-486X},
   MRCLASS = {46.0X},
  MRNUMBER = {0066568},
MRREVIEWER = {J. Dixmier},
       URL = {https://doi.org/10.2307/1969620},
}

@article{arxiv1611.09749v3,
title={Diagonal-preserving graded isomorphisms of {S}teinberg algebras},
author={Meier Carlsen, Toke and Rout, James},
journal={\href{https://arxiv.org/abs/1611.09749v3}{arXiv:1611.09749v3 [math.RA]}},
year={2017},
}

@article{arxiv1706.00127v1,
title={{T}he interplay between {S}teinberg algebras and partial skew rings},
author={Beuter, Viviane and Gon\c{c}alves, Daniel},
journal={\href{https://arxiv.org/abs/1706.00127v1}{arXiv:1706.00127v1 [math.RA]}},
year={2017},
}

@article {MR2565546,
    AUTHOR = {Steinberg, Benjamin},
     TITLE = {A groupoid approach to discrete inverse semigroup algebras},
   JOURNAL = {Adv. Math.},
  FJOURNAL = {Advances in Mathematics},
    VOLUME = {223},
      YEAR = {2010},
    NUMBER = {2},
     PAGES = {689--727},
      ISSN = {0001-8708},
   MRCLASS = {20M25 (18B40 20M18 20N02)},
  MRNUMBER = {2565546},
MRREVIEWER = {Attila Nagy},
       URL = {https://doi.org/10.1016/j.aim.2009.09.001},
}

@Article{Clark2014,
author="Clark, Lisa Orloff
and Farthing, Cynthia
and Sims, Aidan
and Tomforde, Mark",
title="A groupoid generalisation of {L}eavitt path algebras",
journal="Semigroup Forum",
year="2014",
month="Dec",
day="01",
volume="89",
number="3",
pages="501--517",
abstract="Let                                                                           {\$}{\$}G{\$}{\$}                                                            G                                                       be a locally compact, Hausdorff, {\'e}tale groupoid whose unit space is totally disconnected. We show that the collection                                                                           {\$}{\$}A(G){\$}{\$}                                                                                    A                        (                        G                        )                                                                             of locally-constant, compactly supported complex-valued functions on                                                                           {\$}{\$}G{\$}{\$}                                                            G                                                       is a dense                                                                           {\$}{\$}*{\$}{\$}                                                                                                            ‚àó                                                                            -subalgebra of                                                                           {\$}{\$}C{\_}c(G){\$}{\$}                                                                                                              C                          c                                                                          (                          G                          )                                                                                                     and that it is universal for algebraic representations of the collection of compact open bisections of                                                                           {\$}{\$}G{\$}{\$}                                                            G                                                      . We also show that if                                                                           {\$}{\$}G{\$}{\$}                                                            G                                                       is the groupoid associated to a row-finite graph or                                                                           {\$}{\$}k{\$}{\$}                                                            k                                                      -graph with no sources, then                                                                           {\$}{\$}A(G){\$}{\$}                                                                                    A                        (                        G                        )                                                                             is isomorphic to the associated Leavitt path algebra or Kumjian--Pask algebra. We prove versions of the Cuntz--Krieger and graded uniqueness theorems for                                                                           {\$}{\$}A(G){\$}{\$}                                                                                    A                        (                        G                        )                                                                            .",
issn="1432-2137",
doi="10.1007/s00233-014-9594-z",
url="https://doi.org/10.1007/s00233-014-9594-z"
}


@article {MR3130315,
    AUTHOR = {Dykema, Ken and Kerr, David and Pichot, Mika\"el},
     TITLE = {Sofic dimension for discrete measured groupoids},
   JOURNAL = {Trans. Amer. Math. Soc.},
  FJOURNAL = {Transactions of the American Mathematical Society},
    VOLUME = {366},
      YEAR = {2014},
    NUMBER = {2},
     PAGES = {707--748},
      ISSN = {0002-9947},
   MRCLASS = {20L05 (20E06 37A25)},
  MRNUMBER = {3130315},
       URL = {https://doi.org/10.1090/S0002-9947-2013-05987-9},
}

@article {MR3227158,
    AUTHOR = {P\u{a}unescu, Liviu},
     TITLE = {A convex structure on sofic embeddings},
   JOURNAL = {Ergodic Theory Dynam. Systems},
  FJOURNAL = {Ergodic Theory and Dynamical Systems},
    VOLUME = {34},
      YEAR = {2014},
    NUMBER = {4},
     PAGES = {1343--1352},
      ISSN = {0143-3857},
   MRCLASS = {46L55 (20F65 43A30)},
  MRNUMBER = {3227158},
MRREVIEWER = {C. R. E. Raja},
       URL = {https://doi.org/10.1017/etds.2012.193},
}

@article {MR1250814,
    AUTHOR = {Adams, Scot and Elliott, George A. and Giordano, Thierry},
     TITLE = {Amenable actions of groups},
   JOURNAL = {Trans. Amer. Math. Soc.},
  FJOURNAL = {Transactions of the American Mathematical Society},
    VOLUME = {344},
      YEAR = {1994},
    NUMBER = {2},
     PAGES = {803--822},
      ISSN = {0002-9947},
   MRCLASS = {22D99 (22D40 28D15)},
  MRNUMBER = {1250814},
MRREVIEWER = {Paul Jolissaint},
       URL = {https://doi.org/10.2307/2154508},
}

@book {MR1799683,
    AUTHOR = {Anantharaman-Delaroche, C. and Renault, J.},
     TITLE = {Amenable groupoids},
    SERIES = {Monographies de L'Enseignement Math\'ematique [Monographs of
              L'Enseignement Math\'ematique]},
    VOLUME = {36},
      NOTE = {With a foreword by Georges Skandalis and Appendix B by E.
              Germain},
 PUBLISHER = {L'Enseignement Math\'ematique, Geneva},
      YEAR = {2000},
     PAGES = {196},
      ISBN = {2-940264-01-5},
   MRCLASS = {22A22 (22D25 43A07 46L05 46L10 46L80)},
  MRNUMBER = {1799683},
MRREVIEWER = {Robert S. Doran},
}

@article{arxiv1206.5473v3,
title={Locally compact groups and continuous logic},
author={Aleksander Ivanov},
journal={\href{https://arxiv.org/abs/1206.5473v3}{arXiv:1206.5473v3 [math.LO]}},
year={2013},
}

@article{arxiv1711.01903v1,
title={Diagonal-preserving isomorphisms of √©tale groupoid algebras},
author={Steinberg, Benjamin},
journal={\href{https://arxiv.org/abs/1711.01903}{arXiv:1711.01903v1 [math.RA]},
year={2017},
}

@article {MR3229595,
    AUTHOR = {Kida, Yoshikata},
     TITLE = {Invariants of orbit equivalence relations and
              {B}aumslag-{S}olitar groups},
   JOURNAL = {Tohoku Math. J. (2)},
  FJOURNAL = {The Tohoku Mathematical Journal. Second Series},
    VOLUME = {66},
      YEAR = {2014},
    NUMBER = {2},
     PAGES = {205--258},
      ISSN = {0040-8735},
   MRCLASS = {37A20 (20Exx)},
  MRNUMBER = {3229595},
       DOI = {10.2748/tmj/1404911861},
       URL = {https://doi.org/10.2748/tmj/1404911861},
}